@article{besag1991bym,
  author  = {Besag, Julian and York, Jeremy and Molli{\'e}, Annie},
  title   = {Bayesian image restoration, with two applications in spatial statistics},
  journal = {Annals of the Institute of Statistical Mathematics},
  year    = {1991},
  volume  = {43},
  number  = {1},
  pages   = {1--20},
  doi     = {10.1007/BF00116466}
}

@article{bhadra2019horseshoe,
  author  = {Bhadra, Anindya and Datta, Jyotishka and Polson, Nicholas G. and Willard, Brandon},
  title   = {Lasso Meets Horseshoe: A Survey},
  journal = {Statistical Science},
  year    = {2019},
  volume  = {34},
  number  = {3},
  pages   = {405--427},
  doi     = {10.1214/18-STS695}
}

@article{carvalho2010horseshoe,
  author  = {Carvalho, Carlos M. and Polson, Nicholas G. and Scott, James G.},
  title   = {The horseshoe estimator for sparse signals},
  journal = {Biometrika},
  year    = {2010},
  volume  = {97},
  number  = {2},
  pages   = {465--480},
  doi     = {10.1093/biomet/asq017}
}

@article{fuglstad2019pcgrf,
  author  = {Fuglstad, Geir-Arne and Simpson, Daniel and Lindgren, Finn and Rue, H{\aa}vard},
  title   = {Constructing Priors that Penalize the Complexity of Gaussian Random Fields},
  journal = {Journal of the American Statistical Association},
  year    = {2019},
  volume  = {114},
  number  = {525},
  pages   = {445--452},
  doi     = {10.1080/01621459.2017.1415907}
}

@inproceedings{piironen2017hyper,
  author    = {Piironen, Juho and Vehtari, Aki},
  title     = {On the hyperprior choice for the global shrinkage parameter in the horseshoe prior},
  booktitle = {Proceedings of the 20th International Conference on Artificial Intelligence and Statistics},
  series    = {Proceedings of Machine Learning Research},
  volume    = {54},
  pages     = {905--913},
  year      = {2017},
  publisher = {PMLR},
  url       = {http://proceedings.mlr.press/v54/piironen17a.html}
}

@article{piironen2017ejs,
  author  = {Piironen, Juho and Vehtari, Aki},
  title   = {Sparsity information and regularization in the horseshoe and other shrinkage priors},
  journal = {Electronic Journal of Statistics},
  year    = {2017},
  volume  = {11},
  number  = {2},
  pages   = {5018--5051},
  doi     = {10.1214/17-EJS1337SI}
}

@article{riebler2016bym2,
  author  = {Riebler, Andrea and S{\o}rbye, Sigrunn H. and Simpson, Daniel and Rue, H{\aa}vard},
  title   = {An intuitive Bayesian spatial model for disease mapping that accounts for scaling},
  journal = {Statistical Methods in Medical Research},
  year    = {2016},
  volume  = {25},
  number  = {4},
  pages   = {1145--1165},
  doi     = {10.1177/0962280216660421}
}

@article{simpson2017pc,
  author  = {Simpson, Daniel and Rue, H{\aa}vard and Riebler, Andrea and Martins, Thiago G. and S{\o}rbye, Sigrunn H.},
  title   = {Penalising model component complexity: A principled, practical approach to constructing priors},
  journal = {Statistical Science},
  year    = {2017},
  volume  = {32},
  number  = {1},
  pages   = {1--28},
  doi     = {10.1214/16-STS576}
}

@article{bates2015lme4,
  author  = {Bates, Douglas and M{\"a}chler, Martin and Bolker, Ben and Walker, Steve},
  title   = {Fitting Linear Mixed-Effects Models Using lme4},
  journal = {Journal of Statistical Software},
  year    = {2015},
  volume  = {67},
  number  = {1},
  pages   = {1--48},
  doi     = {10.18637/jss.v067.i01}
}

@book{hastie2009esl,
  author    = {Hastie, Trevor and Tibshirani, Robert and Friedman, Jerome},
  title     = {The Elements of Statistical Learning},
  edition   = {2},
  publisher = {Springer},
  address   = {New York},
  year      = {2009},
  isbn      = {978-0387848570}
}

@article{hoffman2014nuts,
  author  = {Hoffman, Matthew D. and Gelman, Andrew},
  title   = {The No-U-Turn Sampler: Adaptively Setting Path Lengths in Hamiltonian Monte Carlo},
  journal = {Journal of Machine Learning Research},
  year    = {2014},
  volume  = {15},
  pages   = {1593--1623},
  url     = {http://jmlr.org/papers/v15/hoffman14a.html}
}

@article{mahmud2021stopping,
  title={Stopping azithromycin mass drug administration for trachoma: A systematic review},
  author={Mahmud, Hamidah and Landskroner, Emma and Amza, Abdou and Aragie, Solomon and Godwin, William W and de Hostos Barth, Anna and O’Brien, Kieran S and Lietman, Thomas M and Oldenburg, Catherine E},
  journal={PLoS Neglected Tropical Diseases},
  volume={15},
  number={7},
  pages={e0009491},
  year={2021},
  publisher={Public Library of Science San Francisco, CA USA}
}

@article{jimenez2015mass,
  title={Mass drug administration for trachoma: how long is not long enough?},
  author={Jimenez, Violeta and Gelderblom, Huub C and Mann Flueckiger, Rebecca and Emerson, Paul M and Haddad, Danny},
  journal={PLoS neglected tropical diseases},
  volume={9},
  number={3},
  pages={e0003610},
  year={2015},
  publisher={Public Library of Science San Francisco, CA USA}
}

@article{sharma2023evaluating,
  title={Evaluating elimination thresholds and stopping criteria for interventions against the vector-borne macroparasitic disease, lymphatic filariasis, using mathematical modelling},
  author={Sharma, Swarnali and Smith, Morgan E and Bilal, Shakir and Michael, Edwin},
  journal={Communications Biology},
  volume={6},
  number={1},
  pages={225},
  year={2023},
  publisher={Nature Publishing Group UK London}
}

@article{kalizang2025long,
  title={Long-term effects of azithromycin mass administration to reduce childhood mortality on Streptococcus pneumoniae antimicrobial resistance: a population-based, cross-sectional, follow-up carriage survey},
  author={Kalizang'oma, Akuzike and Chan, Jia Mun and Kalua, Khumbo and Bonomali, Farouck and Brown, Comfort and Msefula, Jacqueline and Chaima, David and Samikwa, Lyson and Meleke, Harry and Hart, John D and others},
  journal={The Lancet Infectious Diseases},
  year={2025},
  publisher={Elsevier}
}

@article{keenan2018nejm,
  author  = {Keenan, Jeremy D. and Bailey, Robin L. and West, Sheila K. and others},
  title   = {Azithromycin to Reduce Childhood Mortality in Sub-Saharan Africa},
  journal = {New England Journal of Medicine},
  year    = {2018},
  volume  = {378},
  number  = {17},
  pages   = {1583--1592},
  doi     = {10.1056/NEJMoa1715474}
}

@article{keenan2019nejm,
  author  = {Keenan, Jeremy D. and Arzika, Ahmed M. and Maliki, Ramatou and others},
  title   = {Longer-Term Assessment of Azithromycin for Reducing Childhood Mortality in Africa},
  journal = {New England Journal of Medicine},
  year    = {2019},
  volume  = {380},
  number  = {23},
  pages   = {2207--2214},
  doi     = {10.1056/NEJMoa1817213}
}

@article{oldenburg2024jama,
  author  = {Oldenburg, Catherine E. and Ouattara, Mamadou and Bountogo, Mamadou and others},
  title   = {Mass Azithromycin Distribution to Prevent Child Mortality in {Burkina Faso}: The {CHAT} Randomized Clinical Trial},
  journal = {JAMA},
  year    = {2024},
  volume  = {331},
  number  = {6},
  pages   = {482--490},
  doi     = {10.1001/jama.2023.27393}
}

@article{oron2020ajtmh,
  author  = {Oron, Assaf P. and Burstein, Roy and Mercer, Laina D. and Arzika, Ahmed M. and Kalua, Khumbo and Mrango, Zakayo and West, Sheila K. and Bailey, Robin L. and Porco, Travis C. and Lietman, Thomas M.},
  title   = {Effect Modification by Baseline Mortality in the {MORDOR} Azithromycin Trial},
  journal = {American Journal of Tropical Medicine and Hygiene},
  year    = {2020},
  volume  = {103},
  number  = {3},
  pages   = {1295--1300},
  doi     = {10.4269/ajtmh.18-1004}
}

@article{mercer2015aoas,
  author  = {Mercer, Laina D. and Wakefield, Jon and Pantazis, Athanasios and Lutambi, Aniset and Masanja, Honorati and Clark, Samuel},
  title   = {Space-time smoothing of complex survey data: small area estimation for child mortality},
  journal = {Annals of Applied Statistics},
  year    = {2015},
  volume  = {9},
  number  = {4},
  pages   = {1889--1905},
  doi     = {10.1214/15-AOAS872}
}

@article{wakefield2020insr,
  author  = {Wakefield, Jonathan and Okonek, Taylor and Pedersen, Jon},
  title   = {Small Area Estimation for Disease Prevalence Mapping},
  journal = {International Statistical Review},
  year    = {2020},
  volume  = {88},
  number  = {2},
  pages   = {398--418},
  doi     = {10.1111/insr.12400}
}

@article{golding2017lancet,
  author  = {Golding, Nick and Burstein, Roy and Longbottom, Joshua and others},
  title   = {Mapping under-5 and neonatal mortality in Africa, 2000--15: a baseline analysis for the Sustainable Development Goals},
  journal = {The Lancet},
  year    = {2017},
  volume  = {390},
  number  = {10108},
  pages   = {2171--2182},
  doi     = {10.1016/S0140-6736(17)31758-0}
}

@article{liu2016lancet,
  author  = {Liu, Li and Oza, Shefali and Hogan, Daniel and others},
  title   = {Global, regional, and national causes of under-5 mortality in 2000--15: an updated systematic analysis with implications for the Sustainable Development Goals},
  journal = {The Lancet},
  year    = {2016},
  volume  = {388},
  number  = {10063},
  pages   = {3027--3035},
  doi     = {10.1016/S0140-6736(16)31593-8}
}

@article{o2024azithromycin,
  title={Azithromycin to reduce mortality—An adaptive cluster-randomized trial},
  author={O’Brien, Kieran S and Arzika, Ahmed M and Amza, Abdou and Maliki, Ramatou and Aichatou, Bawa and Bello, Ismael Mamane and Beidi, Diallo and Galo, Nasser and Harouna, Naser and Karamba, Alio M and others},
  journal={New England Journal of Medicine},
  volume={391},
  number={8},
  pages={699--709},
  year={2024},
  publisher={Mass Medical Soc}
}

@techreport{unicef2019,
  title={Levels and trends in child mortality: report 2019},
  author={{United Nations Children's Fund}},
  year={2019},
  institution={UNICEF},
  address={New York}
}

@techreport{who2020guidelines,
  title={WHO guideline on the use of azithromycin mass drug administration for trachoma elimination and for reduction of childhood mortality in settings with high child mortality},
  author={{World Health Organization}},
  year={2020},
  institution={WHO},
  address={Geneva}
}

@article{solin2020hilbert,
  title={Hilbert space methods for reduced-rank Gaussian process regression},
  author={Solin, Arno and S{\"a}rkk{\"a}, Simo},
  journal={Statistics and Computing},
  volume={30},
  number={2},
  pages={419--446},
  year={2020},
  publisher={Springer}
}

@article{riutort2023practical,
  title={Practical Hilbert space approximate Bayesian Gaussian processes for probabilistic programming},
  author={Riutort-Mayol, Gabriel and B{\"u}rkner, Paul-Christian and Andersen, Michael R and Solin, Arno and Vehtari, Aki},
  journal={Statistics and Computing},
  volume={33},
  number={1},
  pages={17},
  year={2023},
  publisher={Springer}
}